%! Author = paul
%! Date = 12.04.2023

%! Author = paul
%! Date = 12.04.2023

@article{Hierholzer,
    author = {Carl Hierholzer, Chr Wiener},
    title = {{Ueber die MÃ¶glichkeit, einen Linienzug ohne Wiederholung und ohne Unterbrechung zu umfahren}},
    journal = {Mathematische Annalen},
    volume = {6},
    pages = {30--32},
    year = {1873},
}
